@String(PAMI = {IEEE Trans. Pattern Anal. Mach. Intell.})
@String(IJCV = {Int. J. Comput. Vis.})
@String(CVPR= {IEEE Conf. Comput. Vis. Pattern Recog.})
@String(WACV= {IEEE Winter Conf. Appl. Comput. Vis.})
@String(ICCV= {Int. Conf. Comput. Vis.})
@String(ECCV= {Eur. Conf. Comput. Vis.})
@String(NIPS= {Adv. Neural Inform. Process. Syst.})
@String(ICPR = {Int. Conf. Pattern Recog.})
@String(BMVC= {Brit. Mach. Vis. Conf.})
@String(TOG= {ACM Trans. Graph.})
@String(TIP  = {IEEE Trans. Image Process.})
@String(TVCG  = {IEEE Trans. Vis. Comput. Graph.})
@String(TMM  = {IEEE Trans. Multimedia})
@String(ACMMM= {ACM Int. Conf. Multimedia})
@String(ICME = {Int. Conf. Multimedia and Expo})
@String(ICASSP=	{ICASSP})
@String(ICIP = {IEEE Int. Conf. Image Process.})
@String(ACCV  = {ACCV})
@String(ICLR = {Int. Conf. Learn. Represent.})
@String(IJCAI = {IJCAI})
@String(PR   = {Pattern Recognition})
@String(AAAI = {AAAI})
@String(CVPRW= {IEEE Conf. Comput. Vis. Pattern Recog. Worksh.})
@String(CSVT = {IEEE Trans. Circuit Syst. Video Technol.})

@String(SPL	= {IEEE Sign. Process. Letters})
@String(VR   = {Vis. Res.})
@String(JOV	 = {J. Vis.})
@String(TVC  = {The Vis. Comput.})
@String(JCST  = {J. Comput. Sci. Tech.})
@String(CGF  = {Comput. Graph. Forum})
@String(CVM = {Computational Visual Media})


@String(PAMI  = {IEEE TPAMI})
@String(IJCV  = {IJCV})
@String(CVPR  = {CVPR})
@String(WACV  = {WACV})
@String(ICCV  = {ICCV})
@String(ECCV  = {ECCV})
@String(NIPS  = {NeurIPS})
@String(ICPR  = {ICPR})
@String(BMVC  =	{BMVC})
@String(TOG   = {ACM TOG})
@String(TIP   = {IEEE TIP})
@String(TVCG  = {IEEE TVCG})
@String(TCSVT = {IEEE TCSVT})
@String(TMM   =	{IEEE TMM})
@String(ACMMM = {ACM MM})
@String(ICME  =	{ICME})
@String(ICASSP=	{ICASSP})
@String(ICIP  = {ICIP})
@String(ACCV  = {ACCV})
@String(ICLR  = {ICLR})
@String(IJCAI = {IJCAI})
@String(PR = {PR})
@String(AAAI = {AAAI})
@String(CVPRW= {CVPRW})
@String(CSVT = {IEEE TCSVT})

@inproceedings{Csurka2017,
author = {Gabriela Csurka},
title = {Domain Adaptation for Visual Applications: A Comprehensive Survey},
booktitle = CVPR,
year = 2017,
url = {https://arxiv.org/abs/1702.05374v2}
}

@inproceedings{Bucci2020,
author = {Silvia Bucci and Mohammad Reza Loghmani and Tatiana Tommasi},
title = {On the Effectiveness of Image Rotation for Open Set Domain Adaptation},
booktitle = CVPR,
year = 2020,
url = {https://arxiv.org/abs/2007.12360}
}

@inproceedings{Gidaris2018,
author = {Spyros Gidaris and Praveer Singh and Nikos Komodakis},
title = {Unsupervised Representation Learning by Predicting Image Rotations},
booktitle = CVPR,
year = 2018,
url = {https://arxiv.org/abs/1803.07728}
}

@inproceedings{Carlucci2019,
author = {Fabio Maria Carlucci and Antonio D'Innocenteand Silvia Bucci and Barbara Caputo and Tatiana Tommasi},
title = {Domain Generalization by Solving Jigsaw Puzzles},
booktitle = CVPR,
year = 2019,
url = {https://arxiv.org/abs/1903.06864}
}

@inproceedings{Kim2018,
author = {Dahun Kim and Donghyeon Cho and Donggeun Yoo and In So Kweon},
title = {Learning Image Representations by Completing Damaged Jigsaw Puzzles},
booktitle = WACV,
year = 2018,
url = {https://arxiv.org/abs/1802.01880}
}

@inproceedings{Mundhenk2018,
author = {T. Nathan Mundhenk and Daniel Ho and Barry Y. Chen},
title = {Improvements to context based self-supervised learning},
booktitle = CVPR,
year = 2018,
url = {https://arxiv.org/abs/1711.06379}
}

@inproceedings{OfficeHome,
author = {Hemanth Venkateswara and Jose Eusebio and Shayok Chakraborty and Sethuraman Panchanathan},
title = {Deep Hashing Network for Unsupervised Domain Adaptation},
booktitle = CVPR,
year = 2017,
url = {https://arxiv.org/abs/1706.07522}
}

@inproceedings{Golan2018,
author = {Izhak Golan and Ran El-Yaniv},
title = {Deep Anomaly Detection Using Geometric Transformations},
booktitle = NIPS,
year = 2018,
url = {https://arxiv.org/abs/1805.10917}
}

@inproceedings{Sakurada2014,
author = {Mayu Sakurada and Takehisa Yairi},
title = {Anomaly Detection Using Autoencoders with Nonlinear Dimensionality Reduction},
booktitle = {Proceedings of the MLSDA 2014 2nd Workshop on Machine Learning for Sensory Data Analysis},
year = 2014,
pages = {4-11},
url = {https://doi.org/10.1145/2689746.2689747}
}

@article{Xu2019,
author = {Jiaolong Xu and Liang Xiao and  Antonio M. Lopez},
title = {Self-Supervised Domain Adaptation for Computer Vision Tasks},
journal = {IEEE},
volume = 7,
pages = {156694--156706},
year = 2019
}

@article{Pau2020,
author = {Pau Panareda Busto and Ahsan Iqbal and Juergen Gall},
title = {Open Set Domain Adaptation for Image and Action Recognition},
journal = {IEEE},
volume = 42,
number = 2,
pages = {413--429},
year = 2020
}

@article{Yaman2020,
author = {Burhaneddin Yaman and Seyed Amir Hossein Hosseini and Steen Moeller and Jutta Ellermann and Kâmil Uğurbil and Mehmet Akçakaya},
title = {Self-supervised learning of physics-guided reconstruction neural networks without fully sampled reference data},
journal = {Magnetic Resonance in Medicine},
volume = 84,
number = 6,
pages = {3172--3191},
year = 2020
}



